@book{axler_2023, edition={4}, title={Linear Algebra Done Right}, ISBN={9783031410260}, publisher={Springer}, author={Axler, Sheldon}, year={2023}, language={english} }
@book{曾_魏_杨_王_马_2023, title={组合数学及其应用}, ISBN={9787030750815}, publisher={科学出版社}, author={曾光 and 魏福山 and 杨本朝 and 王洪 and 马智}, year={2023}, language={chinese} }
@book{常_史_2012, edition={3}, title={数学分析教程. 上册}, ISBN={9787312030093}, publisher={中国科学技术大学出版社}, author={常庚哲 and 史济怀}, year={2012}, language={chinese} }
@book{常_史_2013, edition={3}, title={数学分析教程. 下册}, ISBN={9787312031311}, publisher={中国科学技术大学出版社}, author={常庚哲 and 史济怀}, year={2013}, language={chinese} }
@book{陈_徐_周_金_邱_2020a, title={数学分析. 3 版. 习题全解指南. 上册}, ISBN={978-7-04-053442-9}, publisher={高等教育出版社}, author={陈纪修 and 徐惠平 and 周渊 and 金路 and 邱维元}, year={2020}, language={chinese} }
@book{陈_徐_周_金_邱_2020b, title={数学分析. 3 版. 习题全解指南. 下册}, ISBN={978-7-04-053911-0}, publisher={高等教育出版社}, author={陈纪修 and 徐惠平 and 周渊 and 金路 and 邱维元}, year={2020}, language={chinese} }
@book{陈_於_金_2019a, edition={3}, title={数学分析. 上册}, ISBN={978-7-04-051571-8}, publisher={高等教育出版社}, author={陈纪修 and 於崇华 and 金路}, year={2019}, language={chinese} }
@book{陈_於_金_2019b, edition={3}, title={数学分析. 下册}, ISBN={978-7-04-051630-2}, publisher={高等教育出版社}, author={陈纪修 and 於崇华 and 金路}, year={2019}, language={chinese} }
@book{邓_尹_2006a, edition={2}, title={数学分析简明教程. 上册}, ISBN={9787040186628}, publisher={高等教育出版社}, author={邓东皋 and 尹小玲}, year={2006}, language={chinese} }
@book{邓_尹_2006b, edition={2}, title={数学分析简明教程. 下册}, ISBN={9787040199543}, publisher={高等教育出版社}, author={邓东皋 and 尹小玲}, year={2006}, language={chinese} }
@book{邓_2014, title={离散数学}, ISBN={9787302328278}, publisher={清华大学出版社}, author={邓辉文}, year={2014}, language={chinese} }
@book{diestel_2005, edition={3}, title={Graph Theory}, ISBN={978-3-662-53621-6}, publisher={Springer-Verlag Heidelberg}, author={Diestel, Reinhard}, year={2005}, language={english} }
@book{丁_刘_纪_郭_2021, title={高等代数}, ISBN={9787030695437}, publisher={科学出版社}, author={丁南庆 and 刘公祥 and 纪庆忠 and 郭学军}, year={2021}, language={chinese} }
@book{enderton_1977, address={New York}, title={Elements of set theory}, ISBN={9780122384400}, publisher={Academic Press}, author={Enderton, Herbert B}, year={1977}, language={english} }
@book{enderton_2001, edition={2}, title={A Mathematical Introduction to Logic}, ISBN={0-12-238452-0}, publisher={Academic Press}, author={Enderton, Herbert B.}, year={2001}, language={english} }
@book{方_陈_1983, title={射影几何}, note={书号13010·0846}, publisher={高等教育出版社}, author={方德植 and 陈奕培}, year={1983}, annote={书号13010·0846}, language={chinese} }
@book{folland_1999, address={New York}, edition={2}, title={Real Analysis : Modern Techniques and Their Applications}, ISBN={9780471317166}, publisher={John Wiley And Sons}, author={Folland, Gerald B}, year={1999}, language={english} }
@book{龚_2009, edition={2}, title={简明复分析}, ISBN={9787312021695}, publisher={中国科学技术大学出版社}, author={龚昇}, year={2009}, language={chinese} }
@book{graham_knuth_patashnik_2013, address={北京}, title={具体数学 : 计算机科学基础}, ISBN={9787115308108}, publisher={人民邮电出版社}, author={Graham, Ronald L and Knuth, Donald E and Patashnik, Oren}, translator={张明尧 and 张凡}, year={2013}, language={chinese} }
@book{郝_杨_杨_2014, title={证明及其限度}, ISBN={9787309110258}, publisher={复旦大学出版社}, author={郝兆宽 and 杨睿之 and 杨跃}, year={2014}, language={chinese} }
@book{黄_舒_2001, title={数学物理方法}, ISBN={9787040103267}, publisher={高等教育出版社}, author={黄大奎 and 舒慕曾}, year={2001}, language={chinese} }
@book{胡_张_2008, address={北京}, title={数学分析 原理与方法}, ISBN={978-7-03-021797-4}, publisher={科学出版社}, author={胡适耕 and 张显文}, year={2008}, language={chinese} }
@book{lax_2007, address={Hoboken, N.J.}, edition={2}, title={Linear algebra and its applications}, ISBN={978-0-471-75156-4}, publisher={John Wiley}, author={Lax, Peter D}, year={2007}, language={english} }
@book{李_查_1989, title={线性代数}, ISBN={978-7-312-00110-9}, publisher={中国科学技术大学出版社}, author={李炯生 and 查建国}, year={1989}, language={chinese} }
@book{李_王_易_2008, edition={5}, title={数值分析}, ISBN={9787302185659}, publisher={清华大学出版社}, author={李庆扬 and 王能超 and 易大义}, year={2008}, language={chinese} }
@book{梅_刘_王_王_2020, address={北京}, edition={4}, title={高等几何}, ISBN={978-7-04-053755-0}, publisher={高等教育出版社}, author={梅向明 and 刘增贤 and 王汇淳 and 王智秋}, year={2020}, language={chinese} }
@book{孟_2014a, edition={3}, title={高等代数与解析几何. 上册}, ISBN={978-7-03-039766-9}, publisher={科学出版社}, author={孟道骥}, year={2014}, language={chinese} }
@book{孟_2014b, edition={3}, title={高等代数与解析几何. 下册}, ISBN={978-7-03-039766-9}, publisher={科学出版社}, author={孟道骥}, year={2014}, language={chinese} }
@book{munkres_2000, edition={2}, title={Topology}, publisher={Prentice Hall}, author={Munkres, James R}, year={2000}, language={english} }
@book{潘_潘_2013, edition={2}, title={初等数论}, ISBN={9787301216125}, publisher={北京大学出版社}, author={潘承洞 and 潘承彪}, year={2013}, language={chinese} }
@book{潘_于_2015, address={北京}, title={阶的估计基础}, ISBN={9787040413502}, publisher={高等教育出版社}, author={潘承洞 and 于秀源}, year={2015}, language={chinese} }
@book{裴_2021, address={北京}, edition={3}, title={数学分析中的典型问题与方法}, ISBN={9787040511512}, publisher={高等教育出版社}, author={裴礼文}, year={2021}, language={chinese} }
@book{丘_2010a, title={高等代数. 上册 大学高等代数课程创新教材}, ISBN={978-7-302-22518-8}, publisher={清华大学出版社}, author={丘维声}, year={2010}, language={chinese} }
@book{丘_2010b, title={高等代数. 下册 大学高等代数课程创新教材}, ISBN={978-7-302-23759-4}, publisher={清华大学出版社}, author={丘维声}, year={2010}, language={chinese} }
@book{丘_2015a, address={北京}, title={高等代数. 上册}, ISBN={9787040418804}, publisher={高等教育出版社}, author={丘维声}, year={2015}, language={chinese} }
@book{丘_2015b, address={北京}, title={高等代数. 下册}, ISBN={9787040422351}, publisher={高等教育出版社}, author={丘维声}, year={2015}, language={chinese} }
@book{丘_2015c, title={近世代数}, ISBN={978-7-301-25580-3}, publisher={北京大学出版社}, author={丘维声}, year={2015}, language={chinese} }
@book{丘_2015d, edition={3}, title={解析几何}, ISBN={9787301259214}, publisher={北京大学出版社}, author={丘维声}, year={2015}, language={chinese} }
@book{丘_2016, edition={2}, title={高等代数 学习指导书. 下册}, ISBN={978-7-302-44604-0}, publisher={清华大学出版社}, author={丘维声}, year={2016}, language={chinese} }
@book{丘_2017, edition={2}, title={高等代数 学习指导书. 上册}, ISBN={978-7-302-48367-0}, publisher={清华大学出版社}, author={丘维声}, year={2017}, language={chinese} }
@book{丘_2018a, edition={2}, title={高等代数. 上册 大学高等代数课程创新教材}, ISBN={978-7-302-48763-0}, publisher={清华大学出版社}, author={丘维声}, year={2018}, language={chinese} }
@book{丘_2018b, edition={2}, title={高等代数. 下册 大学高等代数课程创新教材}, ISBN={978-7-302-49513-0}, publisher={清华大学出版社}, author={丘维声}, year={2018}, language={chinese} }
@book{人民教育出版社数学室_1984, title={平面解析几何（甲种本）}, ISBN={9787107003189}, publisher={人民教育出版社}, author={人民教育出版社数学室}, year={1984}, language={chinese} }
@book{盛_李_韩_吴_王_2024a, title={高等代数与解析几何. 上册}, ISBN={978-7-03-079037-8}, publisher={科学出版社}, author={盛为民 and 李方 and 韩刚 and 吴洁 and 王枫}, year={2024}, language={chinese} }
@book{盛_李_韩_吴_王_2024b, title={高等代数与解析几何. 下册}, ISBN={978-7-03-079239-6}, publisher={科学出版社}, author={盛为民 and 李方 and 韩刚 and 吴洁 and 王枫}, year={2024}, language={chinese} }
@book{史_刘_1998, title={复变函数}, ISBN={9787312009990}, publisher={中国科学技术大学出版社}, author={史济怀 and 刘太顺}, year={1998}, language={chinese} }
@book{strang_2016, address={Wellesley}, edition={5}, title={Introduction to linear algebra}, ISBN={978-0-9802327-7-6}, publisher={Cambridge Press}, author={Strang, Gilbert}, year={2016}, language={english} }
@book{takeuti_zaring_2011, edition={2}, title={Introduction to Axiomatic Set Theory}, ISBN={9781461381709}, publisher={Springer-Verlag}, author={Takeuti, Gaisi and Zaring, Wilson M.}, year={2011}, language={english} }
@book{同济大学数学系_2007a, edition={6}, title={高等数学. 上册}, ISBN={978-7-04-020549-7}, publisher={高等教育出版社}, author={同济大学数学系}, year={2007}, language={chinese} }
@book{同济大学数学系_2007b, edition={6}, title={高等数学. 下册}, ISBN={978-7-04-021277-8}, publisher={高等教育出版社}, author={同济大学数学系}, year={2007}, language={chinese} }
@book{谢_恽_易_钱_2018, edition={2}, title={数学分析习题课讲义. 上册}, ISBN={9787040498516}, publisher={高等教育出版社}, author={谢惠民 and 恽自求 and 易法槐 and 钱定边}, year={2018}, language={chinese} }
@book{谢_恽_易_钱_2019, edition={2}, title={数学分析习题课讲义. 下册}, ISBN={978-7-04-051152-9}, publisher={高等教育出版社}, author={谢惠民 and 恽自求 and 易法槐 and 钱定边}, year={2019}, language={chinese} }
@book{谢_姚_2015, edition={3}, title={高等代数学习指导书}, ISBN={978-7-309-11776-9}, publisher={复旦大学出版社}, author={谢启鸿 and 姚慕生}, year={2015}, language={chinese} }
@book{谢_姚_2022, edition={4}, title={高等代数}, ISBN={978-7-309-16352-0}, publisher={复旦大学出版社}, author={谢启鸿 and 姚慕生}, year={2022}, language={chinese} }
@book{席_2016, title={基础代数}, volume={1}, ISBN={9787030498434}, publisher={科学出版社}, author={席南华}, year={2016}, language={chinese} }
@book{席_2018, title={基础代数}, volume={2}, ISBN={9787030560339}, publisher={科学出版社}, author={席南华}, year={2018}, language={chinese} }
@book{席_2021, title={基础代数}, volume={3}, ISBN={9787030683427}, publisher={科学出版社}, author={席南华}, year={2021}, language={chinese} }
@book{辛钦_2015, title={数学分析八讲}, ISBN={9787115397478}, publisher={人民邮电出版社}, author={辛钦}, translator={王会林 and 齐民友}, year={2015}, language={chinese} }
@book{熊_2011, address={北京}, edition={4}, title={点集拓扑讲义}, ISBN={9787040322378}, publisher={高等教育出版社}, author={熊金城}, year={2011}, language={chinese} }
@book{徐_张_陆_冷_2014, edition={3}, title={矩阵论简明教程}, ISBN={978-7-03-039479-8}, publisher={科学出版社}, author={徐仲 and 张凯院 and 陆全 and 冷国伟}, year={2014}, language={chinese} }
@book{严_2021, edition={3}, title={测度论讲义}, ISBN={9787030678034}, publisher={科学出版社}, author={严加安}, year={2021}, language={chinese} }
@book{张_周_2002, title={线性代数}, ISBN={9787040105452}, publisher={高等教育出版社}, author={张慎语 and 周厚隆}, year={2002}, language={chinese} }
@book{詹_2008, title={矩阵论}, ISBN={978-7-04-024465-6}, publisher={高等教育出版社}, author={詹兴致}, year={2008}, language={chinese} }
@book{周_2014a, title={数学分析}, volume={1}, ISBN={9787030424815}, publisher={科学出版社}, author={周民强}, year={2014}, language={chinese} }
@book{周_2014b, title={数学分析}, volume={2}, ISBN={9787030425027}, publisher={科学出版社}, author={周民强}, year={2014}, language={chinese} }
@book{周_2014c, title={数学分析}, volume={3}, ISBN={9787030425003}, publisher={科学出版社}, author={周民强}, year={2014}, language={chinese} }
@book{周_2016, edition={3}, title={实变函数论}, ISBN={9787301276471}, publisher={北京大学出版社}, author={周民强}, year={2016}, language={chinese} }
@book{卓里奇_2019a, title={数学分析}, volume={1}, ISBN={978-7-04-028755-4}, publisher={高等教育出版社}, author={卓里奇}, translator={李植}, year={2019}, language={chinese} }
@book{卓里奇_2019b, title={数学分析}, volume={2}, ISBN={978-7-04-028756-1}, publisher={高等教育出版社}, author={卓里奇}, translator={李植}, year={2019}, language={chinese} }
@book{施利亚耶夫_2007, title={概率}, volume={1}, edition={3}, ISBN={9787040220599}, publisher={高等教育出版社}, author={施利亚耶夫}, translator={周概容}, year={2007}, language={chinese} }
@book{施利亚耶夫_2008, title={概率}, volume={1}, edition={3}, ISBN={9787040225556}, publisher={高等教育出版社}, author={施利亚耶夫}, translator={周概容}, year={2008}, language={chinese} }
@book{陈_赵_翁_2009, title={概率论与数理统计}, ISBN={9787040248944}, publisher={高等教育出版社}, author={陈鸿建 and 赵永红 and 翁洋}, year={2009}, language={chinese} }
@book{李_张_何_2024a, title={概率论: 上册}, ISBN={9787040630367}, publisher={高等教育出版社}, author={李增沪 and 张梅 and 何辉}, year={2024}, language={chinese} }
@book{李_张_何_2024b, title={概率论: 上册}, ISBN={9787040630350}, publisher={高等教育出版社}, author={李增沪 and 张梅 and 何辉}, year={2024}, language={chinese} }
@book{王_邹_2014, title={数理统计教程}, ISBN={9787040390544}, publisher={高等教育出版社}, author={王兆军 and 邹长亮}, year={2014}, language={chinese} }
@book{茆_周_张_2020, edition={4}, title={概率论与数理统计}, ISBN={978-7-5037-9345-5}, publisher={中国统计出版社}, author={茆诗松 and 周纪芗 and 张日权}, year={2020}, language={chinese} }
@book{ross_2016, address={北京}, title={应用随机过程 : 概率模型导论}, ISBN={9787115404305}, publisher={人民邮电出版社}, author={Ross, Sheldon M}, translator={龚光鲁}, year={2016}, language={chinese} }
@book{薛_1996, title={概率论解题方法与技巧}, ISBN={9787118014143}, publisher={国防工业出版社}, author={薛留根}, year={1996}, language={chinese} }
